<?xml version = "1.0" encoding = "UTF-8"?>
<x_server_response metalib_version="4.3.1 (602)">
<present_response>
<record xmlns="http://www.loc.gov/MARC21/slim"
xmlns:xsi="http://www.w3.org/2001/XMLSchema-instance"
xsi:schemaLocation="http://www.loc.gov/MARC21/slim
http://www.loc.gov/standards/marcxml/schema/MARC21slim.xsd">
<controlfield tag="001">2009-99010-583</controlfield>
<datafield tag="245" ind1="1" ind2="0">
<subfield code="a">Machine therapy.</subfield>
</datafield>
<datafield tag="504" ind1=" " ind2=" ">
<subfield code="a">Empirical Study</subfield>
</datafield>
<datafield tag="513" ind1=" " ind2=" ">
<subfield code="a">Print</subfield>
</datafield>
<datafield tag="520" ind1=" " ind2=" ">
<subfield code="a">Machine Therapy is a new practice combining art, design, psychoanalysis, and engineering work in ways that access and reveal the vital, though often unnoticed, relevance of people's interactions and relationships with machines. Machine Therapy will be illustrated through the construction of several systems including re-appropriated domestic devices such as Blendie, wearable apparatuses such as ScreamBody, and body-signal-based companion machines--Umo, Amo, and Omo--that function through visceral interactions including breathing and non-verbal sounds. These systems will be used to explore themes of human-machine relations in terms of visceral, cathartic, and reflexive expressions and communications. This work incorporates elements from my technical research in digital signal processing, machine learning, mechanical engineering, and sensor design. Combining these areas of research and practice, I have been able to help manifest new objects and relationships that are unique in some aspects while maintaining quotidian familiarity in other aspects. These apparatuses enable unusual explorations of what we interact with when we interact with machines. I hypothesize that the answer will turn out to be much more than the machine itself, and will include our sense of self, agency in the interpersonal and political world, and our shared psychological, emotional, cultural, and perceptual approaches to the world. The importance of the parapractic elements and also the therapeutic properties of the Machine Therapy machines will be evaluated in studies of participants' interactive engagements with the machines as well as their affective responses to the machines. (Copies available exclusively from MIT Libraries, Rm. 14-0551, Cambridge, MA 02139-4307. Ph. 617-253-5668; Fax 617-253-1690.) (PsycINFO Database Record (c) 2009 APA, all rights reserved)</subfield>
</datafield>
<datafield tag="502" ind1=" " ind2=" ">
<subfield code="a">AAI0820379</subfield>
</datafield>
<datafield tag="546" ind1=" " ind2=" ">
<subfield code="a">English</subfield>
</datafield>
<datafield tag="513" ind1=" " ind2=" ">
<subfield code="a">Dissertation Abstract</subfield>
</datafield>
<datafield tag="260" ind1=" " ind2=" ">
<subfield code="a">US</subfield>
<subfield code="b">ProQuest Information &amp; Learning</subfield>
</datafield>
<controlfield tag="LDR">^^^^^naa^^2200409^^^4500</controlfield>
<controlfield tag="005">20090101</controlfield>
<controlfield tag="008">^^^^^^^2009^^^^^^^^^^^^^^^^^^^^^^^^Eng^^^</controlfield>
<datafield tag="022" ind1=" " ind2=" ">
<subfield code="a">0419-4209</subfield>
<subfield code="b">Print</subfield>
</datafield>
<datafield tag="045" ind1=" " ind2=" ">
<subfield code="a">20090330</subfield>
</datafield>
<datafield tag="072" ind1=" " ind2=" ">
<subfield code="a">General Psychology</subfield>
<subfield code="b">2100</subfield>
</datafield>
<datafield tag="100" ind1="1" ind2="0">
<subfield code="a">Dobson, Kelly</subfield>
</datafield>
<datafield tag="361" ind1=" " ind2=" ">
<subfield code="a">2009</subfield>
</datafield>
<datafield tag="ASU" ind1=" " ind2=" ">
<subfield code="a">Human</subfield>
</datafield>
<datafield tag="ASU" ind1=" " ind2=" ">
<subfield code="a">machine therapy</subfield>
</datafield>
<datafield tag="ASU" ind1=" " ind2=" ">
<subfield code="a">art</subfield>
</datafield>
<datafield tag="ASU" ind1=" " ind2=" ">
<subfield code="a">design</subfield>
</datafield>
<datafield tag="ASU" ind1=" " ind2=" ">
<subfield code="a">psychoanalysis</subfield>
</datafield>
<datafield tag="ASU" ind1=" " ind2=" ">
<subfield code="a">engineering work</subfield>
</datafield>
<datafield tag="654" ind1=" " ind2=" ">
<subfield code="a">Art</subfield>
</datafield>
<datafield tag="654" ind1=" " ind2=" ">
<subfield code="a">Machine Learning</subfield>
</datafield>
<datafield tag="654" ind1=" " ind2=" ">
<subfield code="a">Psychoanalysis</subfield>
</datafield>
<datafield tag="654" ind1=" " ind2=" ">
<subfield code="b">Engineering Psychology</subfield>
</datafield>
<datafield tag="654" ind1=" " ind2=" ">
<subfield code="b">Human Body</subfield>
</datafield>
<datafield tag="656" ind1=" " ind2=" ">
<subfield code="a">Dissertation</subfield>
</datafield>
<datafield tag="700" ind1="1" ind2="0">
<subfield code="a">Dobson, Kelly</subfield>
<subfield code="d">Massachusetts Inst Technology, US</subfield>
</datafield>
<datafield tag="787" ind1=" " ind2=" ">
<subfield code="t">Dissertation Abstracts International</subfield>
</datafield>
<datafield tag="945" ind1=" " ind2=" ">
<subfield code="m">69</subfield>
<subfield code="n">7</subfield>
<subfield code="d">2009</subfield>
<subfield code="p">2489</subfield>
</datafield>
<datafield tag="SID" ind1=" " ind2=" ">
<subfield code="a">Z39</subfield>
<subfield code="b">EBSCO_PSYH</subfield>
<subfield code="d">CAL04869</subfield>
<subfield code="i">630417</subfield>
<subfield code="j">000007</subfield>
<subfield code="s">064552</subfield>
<subfield code="t">PsycINFO (EBSCO)</subfield>
</datafield>
<controlfield tag="RAN">053</controlfield>
<datafield tag="YR " ind1=" " ind2=" ">
<subfield code="a">2009</subfield>
</datafield>
<datafield tag="022" ind1=" " ind2=" ">
<subfield code="a">0419-4209</subfield>
</datafield>
<datafield tag="773" ind1=" " ind2=" ">
<subfield code="t">Dissertation Abstracts International Section A: Humanities and Social Sciences</subfield>
<subfield code="b">2009</subfield>
<subfield code="d">Vol 69(7-A)</subfield>
<subfield code="g">2489</subfield>
</datafield>
<controlfield tag="SET">064552</controlfield>
<controlfield tag="SYS">025555655</controlfield>
<openURL>
<ctx:context-objects xmlns:ctx="info:ofi/fmt:xml:xsd:ctx" xmlns:xsi="http://www.w3.org/2001/XMLSchema-instance" xsi:schemaLocation="info:ofi/fmt:xml:xsd:ctx http://www.openurl.info/registry/docs/info:ofi/fmt:xml:xsd:ctx">
<ctx:context-object timestamp="2004-01-16T12:13:00Z" version="Z39.88-2004" identifier="123">
<ctx:referent>
<ctx:metadata-by-val>
<ctx:format>info:ofi/fmt:xml:xsd</ctx:format>
<ctx:metadata>
<rft:journal xmlns:rft="info:ofi/fmt:xml:xsd:journal" xsi:schemaLocation="info:ofi/fmt:xml:xsd:journal http://www.openurl.info/registry/docs/info:ofi/fmt:xml:xsd:journal">
<rft:author rank="1">
<rft:aulast>Dobson</rft:aulast>
<rft:aufirst> Kelly</rft:aufirst>
<rft:auinit></rft:auinit>
</rft:author>
<rft:atitle>Machine therapy.</rft:atitle>
<rft:jtitle>Dissertation Abstracts International Section A: Humanities and Social Sciences</rft:jtitle>
<rft:date>2009</rft:date>
<rft:volume>69</rft:volume>
<rft:issue>7</rft:issue>
<rft:spage>2489</rft:spage>
<rft:epage></rft:epage>
<rft:genre></rft:genre>
<rft:issn>0419-4209</rft:issn>
<ctx:identifier>info:doi/</ctx:identifier>
<rft:sici></rft:sici>
<rft:opid></rft:opid>
</rft:journal>
</ctx:metadata>
</ctx:metadata-by-val>
<ctx:metadata-by-ref>
<ctx:format></ctx:format>
<ctx:location>http://metalib.calstate.edu:8331/X?OP=sfx-get-doc&amp;doc-number=025555655</ctx:location>
</ctx:metadata-by-ref>
</ctx:referent>
<ctx:referrer>
<ctx:identifier>info:sid/metalib.com:EBSCO_PSYH</ctx:identifier>
</ctx:referrer>
</ctx:context-object>
</ctx:context-objects>
</openURL>
</record>
<session_id new_session="N">VTVSVR2I3QSMR5MRJXJ4XKHY34XHKGDRMSXLUCJU737ECXDYBB</session_id>
</present_response>
</x_server_response>
 